<record><leader>00000cas a2200000K  4500</leader><controlfield tag="001">5912692</controlfield><controlfield tag="008">800125d18471848cauuu ner     0   a1eng d</controlfield><controlfield tag="009">613</controlfield><datafield ind1=" " ind2=" " tag="010"><subfield code="a">   68018472 </subfield></datafield><datafield ind1=" " ind2=" " tag="040"><subfield code="a">TXA</subfield><subfield code="b">eng</subfield><subfield code="c">TXA</subfield><subfield code="d">OCLCQ</subfield></datafield><datafield ind1=" " ind2="4" tag="050"><subfield code="a">PN4899</subfield><subfield code="b">.C3</subfield></datafield><datafield ind1=" " ind2="4" tag="082"><subfield code="a">071.94</subfield></datafield><datafield ind1="0" ind2="4" tag="245"><subfield code="a">The California star, Yerba Buena and San Francisco.</subfield></datafield><datafield ind1="0" ind2="1" tag="247"><subfield code="a">California star and Californian</subfield><subfield code="f">Nov. 18, 1848-Dec. 23, 1848</subfield></datafield><datafield ind1=" " ind2=" " tag="260"><subfield code="a">Berkeley, Calif.,</subfield><subfield code="b">Howell-North Books,</subfield><subfield code="c">1965-</subfield></datafield><datafield ind1=" " ind2=" " tag="300"><subfield code="a">v.</subfield><subfield code="b">ports.</subfield></datafield><datafield ind1="0" ind2=" " tag="362"><subfield code="a">v. 1-</subfield></datafield><datafield ind1=" " ind2=" " tag="580"><subfield code="a">Facsim. of a weekly newspaper issued Jan. 9, 1847-Dec. 23, 1848 (except June 17-Nov. 11, 1848 when publication was suspended) which includes also, a preliminary issue dated Oct. 24 1846.</subfield></datafield><datafield ind1=" " ind2=" " tag="580"><subfield code="a">The original publication absorbed the Californian Nov. 18, 1848 (changing its title to the California star and Californian) and in Jan. 1849 was superseded by Alta California.</subfield></datafield><datafield ind1="1" ind2=" " tag="775"><subfield code="t">California star, Yerba Buena and San Francisco</subfield><subfield code="g">Jan. 9, 1847-Dec. 23, 1848</subfield></datafield><datafield ind1="1" ind2="5" tag="780"><subfield code="t">Californian</subfield><subfield code="g">Nov. 18, 1848</subfield></datafield><datafield ind1="1" ind2="2" tag="785"><subfield code="t">Alta California</subfield><subfield code="g">Jan. 1849</subfield></datafield></record>